@book{aho2007compilers,
  author    = {Alfred V. Aho and Monica S. Lam and Ravi Sethi and Jeffrey Ullman},
  edition   = {2},
  title     = {{Compilers: principles, techniques, \& tools}},
  isbn      = {9780321486813},
  publisher = {Pearson/Addison Wesley},
  year      = {2007}
}

@book{appel1991compiling,
  author    = {Appel, Andrew W.},
  title     = {{Compiling with Continuations}},
  publisher = {Cambridge University Press},
  place     = {Cambridge},
  doi       = {10.1017/CBO9780511609619},
  year      = {1991}
}

@book{appel2002modern,
  author    = {Appel, Andrew W. and Palsberg, Jens},
  title     = {{Modern Compiler Implementation in Java}},
  publisher = {Cambridge University Press},
  place     = {Cambridge},
  edition   = {2},
  doi       = {10.1017/CBO9780511811432},
  year      = {2002}
}

@report{bcs,
  author  = {{BCS The Chartered Institute for IT}},
  title   = {{Code of Conduct for BCS Members}},
  date    = {2022-06-08},
  url     = {https://www.bcs.org/media/2211/bcs-code-of-conduct.pdf},
  urldate = {2024-03-22}
}

@article{church1936lambda,
  author    = {Alonzo Church},
  journal   = {American Journal of Mathematics},
  doi       = {10.2307/2371045},
  number    = {2},
  pages     = {345--363},
  publisher = {Johns Hopkins University Press},
  title     = {An Unsolvable Problem of Elementary Number Theory},
  volume    = {58},
  year      = {1936}
}

@online{eaton2021parser,
  author  = {Phil Eaton},
  title   = {{Parser generators vs. handwritten parsers: surveying major language implementations in
             2021}},
  date    = {2021-08-21},
  url     = {https://notes.eatonphil.com/parser-generators-vs-handwritten-parsers-survey-2021.html},
  urldate = {2023-12-06}
}

@article{flanagan1993essence,
  author    = {Flanagan, Cormac and Sabry, Amr and Duba, Bruce F. and Felleisen, Matthias},
  title     = {{The Essence of Compiling with Continuations}},
  date      = {1993-06},
  publisher = {Association for Computing Machinery},
  address   = {New York, NY, USA},
  volume    = {28},
  number    = {6},
  doi       = {10.1145/173262.155113},
  journal   = {SIGPLAN Not.},
  pages     = {237-247},
  numpages  = {11}
}

@inproceedings{frost2008recursiveparsers,
  author    = {Frost, Richard A.
               and Hafiz, Rahmatullah
               and Callaghan, Paul},
  editor    = {Hudak, Paul
               and Warren, David S.},
  title     = {Parser Combinators for Ambiguous Left-Recursive Grammars},
  booktitle = {Practical Aspects of Declarative Languages},
  year      = {2008},
  doi       = {10.1145/1149982.1149988},
  publisher = {Springer Berlin Heidelberg},
  address   = {Berlin, Heidelberg},
  pages     = {167--181},
  isbn      = {978-3-540-77442-6}
}

@online{gcc-exception,
  author  = {{Free Software Foundation}},
  title   = {{GCC Runtime Library Exception}},
  date    = {2009-03-31},
  url     = {https://www.gnu.org/licenses/gcc-exception-3.1.en.html},
  urldate = {2024-03-22}
}

@manual{ghccompiler,
  title   = {{The Glasgow Haskell Compiler Wiki}},
  url     = {https://gitlab.haskell.org/ghc/ghc/-/wikis/commentary/compiler/hsc-main},
  urldate = {2023-12-03}
}

@book{grune2012modern,
  author    = {Grune, Dick and van Reeuwijk, Kees and Bal, Henri E. and Jacobs, Ceriel J. H. and
               Langendoen, Koen},
  title     = {{Modern Compiler Design}},
  year      = {2012},
  publisher = {Springer New York},
  address   = {New York, NY},
  isbn      = {978-1-4614-4699-6},
  doi       = {10.1007/978-1-4614-4699-6}
}

@article{hudak1989conception,
  author    = {Hudak, Paul},
  title     = {{Conception, Evolution, and Application of Functional Programming Languages}},
  date      = {1989-09},
  publisher = {Association for Computing Machinery},
  doi       = {10.1145/72551.72554},
  journal   = {ACM Comput. Surv.},
  pages     = {359-411},
  numpages  = {53}
}

@article{jacobs2021pattern,
  author  = {Jules Jacobs},
  title   = {How to compile pattern matching},
  date    = {2021-05-02},
  url     = {https://julesjacobs.com/notes/patternmatching/patternmatching.pdf},
  urldate = {2024-03-22}
}

@article{jones1997transformation,
  author  = {Peyton Jones, Simon and Santos, Andre},
  title   = {{A transformation-based optimiser for Haskell}},
  date    = {1997-10},
  url     = {https://www.microsoft.com/en-us/research/publication/a-transformation-based-optimiser-for-haskell/},
  journal = {Science of Computer Programming},
  volume  = {32},
  number  = {1}
}

@article{kelsey1993correspondence,
  author    = {Kelsey, Richard A.},
  title     = {{A Correspondence between Continuation Passing Style and Static Single Assignment Form}},
  date      = {1995-03},
  publisher = {Association for Computing Machinery},
  volume    = {30},
  number    = {3},
  doi       = {10.1145/202530.202532},
  journal   = {SIGPLAN Not.},
  pages     = {13-22},
  numpages  = {10}
}

@article{landin1965lambda,
  author    = {Landin, P. J.},
  title     = {Correspondence between ALGOL 60 and Church's Lambda-notation: part I},
  date      = {1965-02},
  publisher = {Association for Computing Machinery},
  volume    = {8},
  number    = {2},
  doi       = {10.1145/363744.363749},
  journal   = {Commun. ACM},
  pages     = {89-101},
  numpages  = {13}
}

@inproceedings{lattner2004llvm,
  author    = {Chris Lattner and Vikram Adve},
  title     = {{LLVM: A Compilation Framework for Lifelong Program Analysis \& Transformation}},
  booktitle = {{Proceedings of the 2004 International Symposium on Code Generation and Optimization (CGO'04)}},
  date      = {2004-03},
  url       = {https://llvm.org/pubs/2004-01-30-CGO-LLVM.pdf}
}

@online{llvm-licence,
  author  = {{LLVM Project}},
  title   = {{LLVM Project License}},
  url     = {https://llvm.org/docs/DeveloperPolicy.html#license},
  urldate = {2024-03-22}
}

@online{might0000closureconversion,
  author  = {Matt Might},
  title   = {{Closure conversion: How to compile lambda}},
  date    = {{Unknown}},
  url     = {https://matt.might.net/articles/closure-conversion/},
  urldate = {2023-11-29}
}

@book{mogensen2010basics,
  author  = {Torben Ã†gidius Mogensen},
  title   = {{Basics of Compiler Design}},
  year    = {2010},
  url     = {http://hjemmesider.diku.dk/~torbenm/Basics/},
  urldate = {2023-12-03}
}

@article{morrisett1999systemf,
  author    = {Morrisett, Greg and Walker, David and Crary, Karl and Glew, Neal},
  title     = {{From System F to Typed Assembly Language}},
  date      = {1999-05},
  publisher = {Association for Computing Machinery},
  volume    = {21},
  number    = {3},
  doi       = {10.1145/319301.319345},
  journal   = {ACM Trans. Program. Lang. Syst.},
  pages     = {527-568},
  numpages  = {42}
}

@book{nystrom2021crafting,
  author    = {Nystrom, R.},
  title     = {{Crafting Interpreters}},
  url       = {https://craftinginterpreters.com/},
  year      = {2021},
  publisher = {Genever Benning}
}

@book{rodler2014mapping,
  author  = {Michael Rodler and Mikael Egevig},
  title   = {{Mapping High Level Constructs to LLVM IR}},
  url     = {https://github.com/f0rki/mapping-high-level-constructs-to-llvm-ir},
  urldate = {2023-11-22}
}

@article{thompson1984reflection,
  author    = {Thompson, Ken},
  title     = {Reflections on trusting trust},
  date      = {1984-08},
  publisher = {Association for Computing Machinery},
  volume    = {27},
  number    = {8},
  doi       = {10.1145/358198.358210},
  journal   = {Communications of the ACM},
  pages     = {761--763},
  numpages  = {3}
}
